<record><leader>00000cas a22000007a 4500</leader><controlfield tag="001">10687652</controlfield><controlfield tag="008">840503d1873187uwvudr ne      0    0eng d</controlfield><datafield ind1=" " ind2=" " tag="010"><subfield code="a">sn 84026814 </subfield></datafield><datafield ind1=" " ind2=" " tag="040"><subfield code="a">NPU</subfield><subfield code="b">eng</subfield><subfield code="c">NPU</subfield><subfield code="d">NPX</subfield><subfield code="d">WVC</subfield><subfield code="d">NVK</subfield><subfield code="d">OCL</subfield><subfield code="d">OCLCQ</subfield><subfield code="d">OCLCF</subfield><subfield code="d">OCLCO</subfield></datafield><datafield ind1="1" ind2=" " tag="029"><subfield code="a">AU@</subfield><subfield code="b">000020333676</subfield></datafield><datafield ind1=" " ind2=" " tag="042"><subfield code="a">msc</subfield></datafield><datafield ind1=" " ind2=" " tag="043"><subfield code="a">n-us-wv</subfield></datafield><datafield ind1="0" ind2=" " tag="130"><subfield code="a">Daily times (Parkersburg, W. Va. : 1873)</subfield></datafield><datafield ind1="1" ind2="0" tag="245"><subfield code="a">Daily times.</subfield></datafield><datafield ind1=" " ind2=" " tag="260"><subfield code="a">Parkersburg, W. Va. :</subfield><subfield code="b">Times Print. Co.</subfield></datafield><datafield ind1=" " ind2=" " tag="300"><subfield code="a">v. ;</subfield><subfield code="c">57 cm.</subfield></datafield><datafield ind1=" " ind2=" " tag="310"><subfield code="a">Daily (except Sun.)</subfield></datafield><datafield ind1="1" ind2=" " tag="362"><subfield code="a">Began in 1873?</subfield></datafield><datafield ind1=" " ind2=" " tag="500"><subfield code="a">"Greenback."</subfield></datafield><datafield ind1=" " ind2=" " tag="588"><subfield code="a">Description based on: Vol. 8, no. 210 (May 3, 1873).</subfield></datafield><datafield ind1=" " ind2="0" tag="651"><subfield code="a">Parkersburg (W. Va.)</subfield><subfield code="v">Newspapers.</subfield></datafield><datafield ind1=" " ind2="7" tag="655"><subfield code="a">Newspapers.</subfield><subfield code="2">fast</subfield><subfield code="0">(OCoLC)fst01423814</subfield></datafield><datafield ind1=" " ind2="7" tag="651"><subfield code="a">West Virginia</subfield><subfield code="z">Parkersburg.</subfield><subfield code="2">fast</subfield><subfield code="0">(OCoLC)fst01214465</subfield></datafield><datafield ind1=" " ind2=" " tag="752"><subfield code="a">United States</subfield><subfield code="b">West Virginia</subfield><subfield code="c">Wood</subfield><subfield code="d">Parkersburg.</subfield></datafield><datafield ind1="0" ind2=" " tag="775"><subfield code="t">Weekly times and gazette</subfield><subfield code="w">(DLC)sn 84026815</subfield></datafield><datafield ind1="0" ind2="0" tag="780"><subfield code="t">Daily times and gazette</subfield><subfield code="w">(DLC)sn 86092435</subfield></datafield></record>